<?xml version="1.0" encoding="UTF-8"?><collection xmlns="http://www.loc.gov/MARC21/slim"><record><leader>00625nam--2200157-i-4500</leader><controlfield tag="001">000013266</controlfield><controlfield tag="002">20161230</controlfield><controlfield tag="005">20170302175551</controlfield><controlfield tag="008">060222s1000------------r-----000-0-eng-d</controlfield><datafield ind1=" " ind2=" " tag="245"><subfield code="a">Living systems as energy converters. Proceedings of the European Conference on living systems as energy converters organized under the aus pices of the Parliamentary Assembly of the Council of Europe ... Pont-a-Mousson, France, 18-22 Oct., 1976</subfield></datafield><datafield ind1=" " ind2=" " tag="260"><subfield code="a">Amsterdam</subfield><subfield code="b">North-holland Publishing Co</subfield><subfield code="c">1977</subfield></datafield><datafield ind1=" " ind2=" " tag="300"><subfield code="a">X + 347 p</subfield></datafield><datafield ind1=" " ind2=" " tag="490"><subfield code="a">Proceedings ..</subfield></datafield><datafield ind1=" " ind2=" " tag="700"><subfield code="a">Allen, M. J</subfield></datafield><datafield ind1=" " ind2=" " tag="852"><subfield code="a">577.337(061.3)</subfield></datafield><datafield ind1=" " ind2=" " tag="CAT"><subfield code="a">SYS</subfield><subfield code="c">20170302</subfield><subfield code="h">175551</subfield></datafield></record></collection>